<record xmlns="http://www.loc.gov/MARC21/slim" xmlns:xsi="http://www.w3.org/2001/XMLSchema-instance" xsi:schemaLocation="http://www.loc.gov/MARC21/slim http://www.loc.gov/standards/marcxml/schema/MARC21slim.xsd"><leader>00037nz   2200037n  4500</leader><controlfield tag="001">DNB|118649833</controlfield><controlfield tag="003">DNB</controlfield><controlfield tag="005">20061124235357.0</controlfield><controlfield tag="008">880701|||azznnaa|||||||||||| a|aaa|||| d</controlfield><datafield ind1="7" ind2=" " tag="016"><subfield code="a">118649833</subfield><subfield code="2">GyFmDB</subfield></datafield><datafield ind1=" " ind2=" " tag="035"><subfield code="a">(SWD)4085861-3</subfield></datafield><datafield ind1=" " ind2=" " tag="040"><subfield code="a">DNB</subfield><subfield code="b">ger</subfield><subfield code="d">9999</subfield><subfield code="f">RAK-PND</subfield></datafield><datafield ind1=" " ind2=" " tag="043"><subfield code="a">XS---</subfield><subfield code="2">SWD-ISO3166</subfield></datafield><datafield ind1=" " ind2=" " tag="065"><subfield code="a">12.2p</subfield><subfield code="5">SWD</subfield></datafield><datafield ind1=" " ind2=" " tag="072"><subfield code="a">grc</subfield><subfield code="2">ISO639-2</subfield></datafield><datafield ind1="0" ind2=" " tag="100"><subfield code="a">Apollodorus,</subfield><subfield code="c">Carystius</subfield><subfield code="d">4./3. Jh. v. Chr.</subfield></datafield><datafield ind1="0" ind2=" " tag="400"><subfield code="a">Apollodoros,</subfield><subfield code="c">Dichter der Neuen Komödie</subfield><subfield code="d">4./3. Jh. v. Chr.</subfield></datafield><datafield ind1="0" ind2=" " tag="400"><subfield code="a">Apollodorus,</subfield><subfield code="c">Comicus</subfield><subfield code="d">4./3. Jh. v. Chr.</subfield></datafield><datafield ind1="0" ind2=" " tag="400"><subfield code="a">Apollodorus,</subfield><subfield code="c">of Carystus</subfield><subfield code="d">4./3. Jh. v. Chr.</subfield></datafield><datafield ind1="0" ind2=" " tag="400"><subfield code="a">Apollodorus,</subfield><subfield code="c">Writer of Comedies</subfield><subfield code="d">4./3. Jh. v. Chr.</subfield></datafield><datafield ind1="0" ind2=" " tag="400"><subfield code="a">Apollodorus,</subfield><subfield code="c">of Athens</subfield><subfield code="d">4./3. Jh. v. Chr.</subfield></datafield><datafield ind1="0" ind2=" " tag="400"><subfield code="a">Apollodoro,</subfield><subfield code="c">di Caristo</subfield><subfield code="d">4./3. Jh. v. Chr.</subfield></datafield><datafield ind1="0" ind2=" " tag="400"><subfield code="a">Apollodoro,</subfield><subfield code="c">l'Ateniese</subfield><subfield code="d">4./3. Jh. v. Chr.</subfield></datafield><datafield ind1="0" ind2=" " tag="400"><subfield code="a">Apollodoros,</subfield><subfield code="c">von Athen</subfield><subfield code="d">4./3. Jh. v. Chr.</subfield></datafield><datafield ind1="0" ind2=" " tag="400"><subfield code="a">Apollodoros,</subfield><subfield code="c">Komödiendichter</subfield><subfield code="d">4./3. Jh. v. Chr.</subfield></datafield><datafield ind1="0" ind2=" " tag="400"><subfield code="a">Apollodoros,</subfield><subfield code="c">Athener</subfield><subfield code="d">4./3. Jh. v. Chr.</subfield></datafield><datafield ind1=" " ind2=" " tag="667"><subfield code="a">TITAN</subfield></datafield><datafield ind1=" " ind2=" " tag="670"><subfield code="a">PAN; Lex. alte Welt</subfield></datafield><datafield ind1=" " ind2=" " tag="678"><subfield code="a">Griech. Dichter der neuen Komödie, dessen erster Sieg bei den Dionysien ca. 290 v. Chr. war. Er ist nicht zu verwechseln mit dem gleichnamigen Dichter der neuen Komödie Apollodorus &lt;Gelous&gt;</subfield></datafield><datafield ind1="0" ind2="7" tag="700"><subfield code="a">Apollodoros,</subfield><subfield code="c">von Karystos</subfield><subfield code="d">4./3. Jh. v. Chr.</subfield><subfield code="2">Other Rules</subfield></datafield><datafield ind1=" " ind2=" " tag="922"><subfield code="a">gr</subfield><subfield code="9">1</subfield></datafield><datafield ind1=" " ind2=" " tag="945"><subfield code="a">15</subfield><subfield code="9">1</subfield></datafield></record>